<record><leader>00000cas a22000007a 4500</leader><controlfield tag="001">40677713</controlfield><controlfield tag="008">990126d19922002vauwr ne      0    0eng d</controlfield><datafield ind1=" " ind2=" " tag="010"><subfield code="a">sn 00064932 </subfield></datafield><datafield ind1=" " ind2=" " tag="040"><subfield code="a">PZC</subfield><subfield code="b">eng</subfield><subfield code="c">PZC</subfield><subfield code="d">OCL</subfield><subfield code="d">NVK</subfield><subfield code="d">OCLCQ</subfield><subfield code="d">OCLCF</subfield><subfield code="d">OCLCO</subfield></datafield><datafield ind1="1" ind2=" " tag="029"><subfield code="a">AU@</subfield><subfield code="b">000024397303</subfield></datafield><datafield ind1=" " ind2=" " tag="042"><subfield code="a">msc</subfield></datafield><datafield ind1=" " ind2=" " tag="043"><subfield code="a">n-us-va</subfield></datafield><datafield ind1="0" ind2="4" tag="245"><subfield code="a">The Petersburg monitor.</subfield></datafield><datafield ind1=" " ind2=" " tag="260"><subfield code="a">Franklin [Va.] :</subfield><subfield code="b">Byerly Publications,</subfield><subfield code="c">-2002.</subfield></datafield><datafield ind1=" " ind2=" " tag="300"><subfield code="a">v. :</subfield><subfield code="b">ill. ;</subfield><subfield code="c">61 cm.</subfield></datafield><datafield ind1=" " ind2=" " tag="310"><subfield code="a">Weekly</subfield></datafield><datafield ind1="1" ind2=" " tag="362"><subfield code="a">Began Mar. 4, 1992.</subfield></datafield><datafield ind1="0" ind2=" " tag="362"><subfield code="a">-v. 10, no. 35 (Oct. 30, 2002).</subfield></datafield><datafield ind1=" " ind2=" " tag="500"><subfield code="a">"Taking a stand for Petersburg."</subfield></datafield><datafield ind1=" " ind2=" " tag="500"><subfield code="a">Byerly Publications also published: Tidewater news, Brunswick times-gazette, Chesapeake post, Independent messenger, Virginia Beach sun, Dinwiddie monitor and Portsmouth times.</subfield></datafield><datafield ind1=" " ind2=" " tag="515"><subfield code="a">Issues for Jan. 1996 to Jan. 1997 also numbered 4th year.</subfield></datafield><datafield ind1=" " ind2=" " tag="525"><subfield code="a">Contains numerous supplements.</subfield></datafield><datafield ind1=" " ind2=" " tag="530"><subfield code="a">Available on microfilm from U.M.I.</subfield></datafield><datafield ind1=" " ind2=" " tag="588"><subfield code="a">Description based on: 4th year, no. 47 (Jan. 3, 1995).</subfield></datafield><datafield ind1=" " ind2="0" tag="651"><subfield code="a">Petersburg (Va.)</subfield><subfield code="v">Newspapers.</subfield></datafield><datafield ind1=" " ind2="7" tag="655"><subfield code="a">Newspapers.</subfield><subfield code="2">fast</subfield><subfield code="0">(OCoLC)fst01423814</subfield></datafield><datafield ind1=" " ind2="7" tag="651"><subfield code="a">Virginia</subfield><subfield code="z">Petersburg.</subfield><subfield code="2">fast</subfield><subfield code="0">(OCoLC)fst01209840</subfield></datafield><datafield ind1=" " ind2=" " tag="752"><subfield code="a">United States</subfield><subfield code="b">Virginia</subfield><subfield code="d">Petersburg.</subfield></datafield><datafield ind1="0" ind2="7" tag="785"><subfield code="t">Dinwiddie monitor</subfield><subfield code="w">(DLC)sn 99066769</subfield></datafield><datafield ind1="0" ind2="7" tag="785"><subfield code="t">Monitor (Sutherland, Va.)</subfield><subfield code="w">(DLC)sn2003061506</subfield></datafield></record>